@article{PUCHINGER2017,
title = "Fast operations on linearized polynomials and their applications in coding theory",
journal = "Journal of Symbolic Computation",
year = "2017",
issn = "0747-7171",
doi = "https://doi.org/10.1016/j.jsc.2017.11.012",
url = "http://www.sciencedirect.com/science/article/pii/S0747717117301190",
author = "Sven Puchinger and Antonia Wachter-Zeh",
keywords = "Linearized polynomials, Skew polynomials, Fast multiplication, Fast multi-point evaluation, Fast minimal subspace polynomial, Fast decoding"
}

@article{Kedlaya:2011:FPF:2340436.2340448,
 author = {Kedlaya, Kiran S. and Umans, Christopher},
 title = {Fast Polynomial Factorization and Modular Composition},
 journal = {SIAM J. Comput.},
 issue_date = {November 2011},
 volume = {40},
 number = {6},
 month = dec,
 year = {2011},
 issn = {0097-5397},
 pages = {1767--1802},
 numpages = {36},
 url = {http://dx.doi.org/10.1137/08073408X},
 doi = {10.1137/08073408X},
 acmid = {2340448},
 publisher = {Society for Industrial and Applied Mathematics},
 address = {Philadelphia, PA, USA},
 keywords = {modular composition, multimodular reduction, multivariate multipoint evaluation, polynomial factorization},
} 

@article{Brent:1978:FAM:322092.322099,
 author = {Brent, R. P. and Kung, H. T.},
 title = {Fast Algorithms for Manipulating Formal Power Series},
 journal = {J. ACM},
 issue_date = {Oct. 1978},
 volume = {25},
 number = {4},
 month = oct,
 year = {1978},
 issn = {0004-5411},
 pages = {581--595},
 numpages = {15},
 url = {http://doi.acm.org/10.1145/322092.322099},
 doi = {10.1145/322092.322099},
 acmid = {322099},
 publisher = {ACM},
 address = {New York, NY, USA},
} 

@article{DBLP:journals/corr/CarusoB17,
  author    = {Xavier Caruso and
               J{\'{e}}r{\'{e}}my Le Borgne},
  title     = {Fast multiplication for skew polynomials},
  journal   = {CoRR},
  volume    = {abs/1702.01665},
  year      = {2017},
  url       = {http://arxiv.org/abs/1702.01665},
  archivePrefix = {arXiv},
  eprint    = {1702.01665},
  timestamp = {Wed, 07 Jun 2017 14:41:43 +0200},
  biburl    = {http://dblp.org/rec/bib/journals/corr/CarusoB17},
  bibsource = {dblp computer science bibliography, http://dblp.org}
}

@inproceedings{Kaltofen:1995:SFP:225058.225166,
 author = {Kaltofen, Erich and Shoup, Victor},
 title = {Subquadratic-time Factoring of Polynomials over Finite Fields},
 booktitle = {Proceedings of the Twenty-seventh Annual ACM Symposium on Theory of Computing},
 series = {STOC '95},
 year = {1995},
 isbn = {0-89791-718-9},
 location = {Las Vegas, Nevada, USA},
 pages = {398--406},
 numpages = {9},
 url = {http://doi.acm.org/10.1145/225058.225166},
 doi = {10.1145/225058.225166},
 acmid = {225166},
 publisher = {ACM},
 address = {New York, NY, USA},
} 

@article{frobdist,
author = {Gekeler, Ernst-Ulrich},
year = {2008},
month = {04},
pages = {1695-1721},
title = {Frobenius Distributions of Drinfeld Modules over Finite Fields},
volume = {360},
booktitle = {Transactions of the American Mathematical Society}
}

@ARTICLE{eschost2017arXiv171200669D,
   author = {{Doliskani}, J. and {Narayanan}, A.~K. and {Schost}, {\'E}.},
    title = "{Drinfeld Modules with Complex Multiplication, Hasse Invariants and Factoring Polynomials over Finite Fields}",
  journal = {ArXiv e-prints},
archivePrefix = "arXiv",
   eprint = {1712.00669},
 primaryClass = "cs.CG",
 keywords = {Computer Science - Computational Geometry, Computer Science - Symbolic Computation, Mathematics - Number Theory, 11G09, 11Y16, 12Y05},
     year = 2017,
    month = dec,
   adsurl = {http://adsabs.harvard.edu/abs/2017arXiv171200669D},
  adsnote = {Provided by the SAO/NASA Astrophysics Data System}
}

@article{Wiedemann:1986:SSL:13738.13744,
 author = {Wiedemann, D H},
 title = {Solving Sparse Linear Equations over Finite Fields},
 journal = {IEEE Trans. Inf. Theor.},
 issue_date = {Jan. 1986},
 volume = {32},
 number = {1},
 month = jan,
 year = {1986},
 issn = {0018-9448},
 pages = {54--62},
 numpages = {9},
 url = {http://dx.doi.org/10.1109/TIT.1986.1057137},
 doi = {10.1109/TIT.1986.1057137},
 acmid = {13744},
 publisher = {IEEE Press},
 address = {Piscataway, NJ, USA},
}

@article{kaltofen1994,
author = {Kaltofen, Erich},
year = {1994},
month = {01},
pages = {297-304},
title = {Asymptotically Fast Solution of Toeplitz-like Singular Linear Systems.}
}

@ARTICLE{2014arXiv1401.7714L,
   author = {{Le Gall}, F.},
    title = "{Powers of Tensors and Fast Matrix Multiplication}",
  journal = {ArXiv e-prints},
archivePrefix = "arXiv",
   eprint = {1401.7714},
 primaryClass = "cs.DS",
 keywords = {Computer Science - Data Structures and Algorithms, Computer Science - Computational Complexity, Computer Science - Symbolic Computation},
     year = 2014,
    month = jan,
   adsurl = {http://adsabs.harvard.edu/abs/2014arXiv1401.7714L},
  adsnote = {Provided by the SAO/NASA Astrophysics Data System}
}

@article{schoof,
 ISSN = {00255718, 10886842},
 URL = {http://www.jstor.org/stable/2007968},
 author = {Ren{\'e} Schoof},
 journal = {Mathematics of Computation},
 number = {170},
 pages = {483--494},
 publisher = {American Mathematical Society},
 title = {Elliptic Curves Over Finite Fields and the Computation of Square Roots $\operatorname{mod} p$},
 volume = {44},
 year = {1985}
}

@article{drinfel'd_1974, title={Elliptic Modules}, volume={94}, number={23}, journal={Matematicheskii Sbornik}, author={Drinfel'd, V. G.}, year={1974}, pages={561â€“593}}

@Article{Scanlon2001,
author="Scanlon, Thomas",
title="Public Key Cryptosystems Based on Drinfeld Modules Are Insecure  ",
journal="Journal of Cryptology",
year="2001",
month="Sep",
day="01",
volume="14",
number="4",
pages="225--230",
abstract="We show that analogues of popular public key cryptosystems based on Drinfeld modules are insecure by providing polynomial time algorithms to solve the Drinfeld module versions of the inversion and discrete logarithm problems.",
issn="1432-1378",
doi="10.1007/s00145-001-0004-9",
url="https://doi.org/10.1007/s00145-001-0004-9"
}

@book{Gathen:2003:MCA:945759,
 author = {Gathen, Joachim Von Zur and Gerhard, Jurgen},
 title = {Modern Computer Algebra},
 year = {2003},
 isbn = {0521826462},
 edition = {2},
 publisher = {Cambridge University Press},
 address = {New York, NY, USA},
} 

@article{HUANG1998257,
title = "Fast Rectangular Matrix Multiplication and Applications",
journal = "Journal of Complexity",
volume = "14",
number = "2",
pages = "257 - 299",
year = "1998",
issn = "0885-064X",
doi = "https://doi.org/10.1006/jcom.1998.0476",
url = "http://www.sciencedirect.com/science/article/pii/S0885064X98904769",
author = "Xiaohan Huang and Victor Y. Pan",
keywords = "rectangular matrix multiplication, asymptotic arithmetic complexity, bilinear algorithms, parallel complexity, polynomial composition, polynomial factorization over finite fields, linear programming"
}

@inproceedings{Kaltofen:1991:PEP:113379.113396,
 author = {Kaltofen, Erich and Pan, Victor},
 title = {Processor Efficient Parallel Solution of Linear Systems over an Abstract Field},
 booktitle = {Proceedings of the Third Annual ACM Symposium on Parallel Algorithms and Architectures},
 series = {SPAA '91},
 year = {1991},
 isbn = {0-89791-438-4},
 location = {Hilton Head, South Carolina, USA},
 pages = {180--191},
 numpages = {12},
 url = {http://doi.acm.org/10.1145/113379.113396},
 doi = {10.1145/113379.113396},
 acmid = {113396},
 publisher = {ACM},
 address = {New York, NY, USA},
} 

@inproceedings{Kaltofen-saun:1991:WMS:646027.676885,
 author = {Kaltofen, Erich and Saunders, B. David},
 title = {On Wiedemann's Method of Solving Sparse Linear Systems},
 booktitle = {Proceedings of the 9th International Symposium, on Applied Algebra, Algebraic Algorithms and Error-Correcting Codes},
 series = {AAECC-9},
 year = {1991},
 isbn = {3-540-54522-0},
 pages = {29--38},
 numpages = {10},
 url = {http://dl.acm.org/citation.cfm?id=646027.676885},
 acmid = {676885},
 publisher = {Springer-Verlag},
 address = {London, UK, UK},
} 

@Article{vonzurGathen1992,
author="von zur Gathen, Joachim
and Shoup, Victor",
title="Computing Frobenius maps and factoring polynomials",
journal="computational complexity",
year="1992",
month="Sep",
day="01",
volume="2",
number="3",
pages="187--224",
abstract="A new probabilistic algorithm for factoring univariate polynomials over finite fields is presented. To factor a polynomial of degreen overF                  q                , the number of arithmetic operations inF                  q                 isO((n2+nlogq). (logn)2 loglogn). The main technical innovation is a new way to compute Frobenius and trace maps in the ring of polynomials modulo the polynomial to be factored.",
issn="1420-8954",
doi="10.1007/BF01272074",
url="https://doi.org/10.1007/BF01272074"
}

@article{DBLP:journals/corr/abs-1708-05622,
  author    = {Fran{\c{c}}ois Le Gall and
               Florent Urrutia},
  title     = {Improved Rectangular Matrix Multiplication using Powers of the Coppersmith-Winograd
               Tensor},
  journal   = {CoRR},
  volume    = {abs/1708.05622},
  year      = {2017},
  url       = {http://arxiv.org/abs/1708.05622},
  archivePrefix = {arXiv},
  eprint    = {1708.05622},
  timestamp = {Mon, 13 Aug 2018 16:48:55 +0200},
  biburl    = {https://dblp.org/rec/bib/journals/corr/abs-1708-05622},
  bibsource = {dblp computer science bibliography, https://dblp.org}
}

@article{Cantor1991OnFM,
  title={On fast multiplication of polynomials over arbitrary algebras},
  author={David G. Cantor and Erich Kaltofen},
  journal={Acta Informatica},
  year={1991},
  volume={28},
  pages={693-701}
}

@Inbook{Canteaut2005,
author="Canteaut, Anne",
editor="van Tilborg, Henk C. A.",
title="Berlekamp-Massey algorithm",
bookTitle="Encyclopedia of Cryptography and Security",
year="2005",
publisher="Springer US",
address="Boston, MA    ",
pages="29--30",
isbn="978-0-387-23483-0",
doi="10.1007/0-387-23483-7_24",
url="https://doi.org/10.1007/0-387-23483-7_24"
}

@ARTICLE{massey, 
author={J. Massey}, 
journal={IEEE Transactions on Information Theory}, 
title={Shift-register synthesis and BCH decoding}, 
year={1969}, 
volume={15}, 
number={1}, 
pages={122-127}, 
keywords={BCH codes;Decoding;Shift-register sequences}, 
doi={10.1109/TIT.1969.1054260}, 
ISSN={0018-9448}, 
month={January},}



@book{Pohst:1989:AAN:76692,
 editor = {Pohst, M. and Zassenhaus, H.},
 title = {Algorithmic Algebraic Number Theory},
 year = {1989},
 isbn = {0-521-33060-2},
 publisher = {Cambridge University Press},
 address = {New York, NY, USA},
} 

@book{fulton1989algebraic,
  title={Algebraic curves: an introduction to algebraic geometry},
  author={Fulton, W.},
  isbn={9780201510102},
  lccn={89000372},
  series={Advanced book classics},
  url={https://books.google.ca/books?id=SEbvAAAAMAAJ},
  year={1989},
  publisher={Addison-Wesley Pub. Co., Advanced Book Program}
}

@article{GEKELE1991187,
title = "On finite Drinfeld modules",
journal = "Journal of Algebra",
volume = "141",
number = "1",
pages = "187 - 203",
year = "1991",
issn = "0021-8693",
doi = "https://doi.org/10.1016/0021-8693(91)90211-P",
url = "http://www.sciencedirect.com/science/article/pii/002186939190211P",
author = "Ernst-Ulrich Gekeler"
}

@article{DBLP:journals/corr/Narayanan15,
  author    = {Anand Kumar Narayanan},
  title     = {Polynomial Factorization over Finite Fields By Computing Euler-Poincare
               Characteristics of Drinfeld Modules},
  journal   = {CoRR},
  volume    = {abs/1504.07697},
  year      = {2015},
  url       = {http://arxiv.org/abs/1504.07697},
  archivePrefix = {arXiv},
  eprint    = {1504.07697},
  timestamp = {Mon, 13 Aug 2018 16:46:18 +0200},
  biburl    = {https://dblp.org/rec/bib/journals/corr/Narayanan15},
  bibsource = {dblp computer science bibliography, https://dblp.org}
}

@manual{sagemath,
  Key          = {SageMath},
  Author       = {{The Sage Developers}},
  Title        = {{S}ageMath, the {S}age {M}athematics {S}oftware {S}ystem ({V}ersion x.y.z)},
  note         = {{\tt http://www.sagemath.org}},
  Year         = {YYYY},
}

@techreport{bostan:inria-00091441,
  TITLE = {{Fast algorithms for computing isogenies between elliptic curves}},
  AUTHOR = {Bostan, Alin and Salvy, Bruno and Morain, Francois and Schost, Eric},
  URL = {https://hal.inria.fr/inria-00091441},
  TYPE = {Research Report},
  PAGES = {28},
  YEAR = {2006},
  KEYWORDS = {Fast algorithms ; elliptic curves ; finite fields ; isogenies ; Schoof-Elkies-Atkin algorithm ; Newton iteration},
  PDF = {https://hal.inria.fr/inria-00091441/file/BoMoSaSc06.pdf},
  HAL_ID = {inria-00091441},
  HAL_VERSION = {v1},
}

@article{Gathen1990ConstructingNB,
  title={Constructing Normal Bases in Finite Fields},
  author={Joachim von zur Gathen and Mark Giesbrecht},
  journal={J. Symb. Comput.},
  year={1990},
  volume={10},
  pages={547-570}
}

@article{Bach:1993:FR:158390.158392,
 author = {Bach, Eric and Driscoll, James and Shallit, Jeffrey},
 title = {Factor Refinement},
 journal = {J. Algorithms},
 issue_date = {Sept. 1993},
 volume = {15},
 number = {2},
 month = sep,
 year = {1993},
 issn = {0196-6774},
 pages = {199--222},
 numpages = {24},
 url = {http://dx.doi.org/10.1006/jagm.1993.1038},
 doi = {10.1006/jagm.1993.1038},
 acmid = {158392},
 publisher = {Academic Press, Inc.},
 address = {Duluth, MN, USA},
} 

@article{GIESBRECHT1998463,
title = "Factoring in Skew-polynomial Rings over Finite Fields",
journal = "Journal of Symbolic Computation",
volume = "26",
number = "4",
pages = "463 - 486",
year = "1998",
issn = "0747-7171",
doi = "https://doi.org/10.1006/jsco.1998.0224",
url = "http://www.sciencedirect.com/science/article/pii/S0747717198902243",
author = "M. Giesbrecht"
}
